<record><leader>00000cas a2200000 a 4500</leader><controlfield tag="001">23829934</controlfield><controlfield tag="008">910524d19821993iluwr ne      0   a0eng c</controlfield><datafield ind1=" " ind2=" " tag="010"><subfield code="a">sn 91055811 </subfield></datafield><datafield ind1=" " ind2=" " tag="040"><subfield code="a">NVF</subfield><subfield code="b">eng</subfield><subfield code="c">NVF</subfield><subfield code="d">CVF</subfield><subfield code="d">OCLCQ</subfield><subfield code="d">NVF</subfield><subfield code="d">OCLCO</subfield><subfield code="d">NVF</subfield><subfield code="d">OCLCO</subfield></datafield><datafield ind1="1" ind2=" " tag="029"><subfield code="a">AU@</subfield><subfield code="b">000025880682</subfield></datafield><datafield ind1=" " ind2=" " tag="042"><subfield code="a">pcc</subfield></datafield><datafield ind1=" " ind2=" " tag="043"><subfield code="a">n-us-il</subfield></datafield><datafield ind1="0" ind2="0" tag="245"><subfield code="a">Inside Lincoln Park.</subfield></datafield><datafield ind1=" " ind2=" " tag="260"><subfield code="a">Chicago, Ill. :</subfield><subfield code="b">Greek Star Inc.,</subfield><subfield code="c">1982-1993.</subfield></datafield><datafield ind1="3" ind2=" " tag="260"><subfield code="3">Dec. 22, 1982-Mar. 3, 1993</subfield><subfield code="a">Chicago, Ill. :</subfield><subfield code="b">Inside Publications</subfield></datafield><datafield ind1=" " ind2=" " tag="300"><subfield code="a">v.</subfield></datafield><datafield ind1=" " ind2=" " tag="310"><subfield code="a">Weekly</subfield></datafield><datafield ind1="0" ind2=" " tag="362"><subfield code="a">Vol. 1, ed. 1 (Dec. 15, 1982)-v. 11, no. 4 (Mar. 3, 1993).</subfield></datafield><datafield ind1=" " ind2=" " tag="580"><subfield code="a">Merged with: Inside Gold Coast, and: Inside Lake View, and: Inside Ravenswood, to form: Inside (Chicago, Ill. : 1993).</subfield></datafield><datafield ind1=" " ind2="0" tag="650"><subfield code="a">Community newspapers</subfield><subfield code="z">Illinois</subfield><subfield code="z">Chicago.</subfield></datafield><datafield ind1=" " ind2="0" tag="651"><subfield code="a">Lincoln Park (Chicago, Ill. : City section)</subfield><subfield code="v">Newspapers.</subfield></datafield><datafield ind1=" " ind2=" " tag="752"><subfield code="a">United States</subfield><subfield code="b">Illinois</subfield><subfield code="c">Cook</subfield><subfield code="d">Chicago.</subfield></datafield><datafield ind1="1" ind2="7" tag="785"><subfield code="t">Inside Gold Coast</subfield><subfield code="w">(DLC)sn 92055177</subfield><subfield code="w">(OCoLC)21377351</subfield></datafield><datafield ind1="1" ind2="7" tag="785"><subfield code="t">Inside Lake View</subfield><subfield code="w">(DLC)sn 92055183</subfield><subfield code="w">(OCoLC)27006775</subfield></datafield><datafield ind1="1" ind2="7" tag="785"><subfield code="t">Inside Ravenswood</subfield><subfield code="w">(DLC)sn 91055816</subfield><subfield code="w">(OCoLC)23829971</subfield></datafield><datafield ind1="1" ind2="7" tag="785"><subfield code="t">Inside (Chicago, Ill. : 1993)</subfield><subfield code="w">(DLC)sn 93057067</subfield><subfield code="w">(OCoLC)27759545</subfield></datafield></record>